@INPROCEEDINGS{mit,
  author={A. {Paidimarri} and D. {Griffith} and A. {Wang} and A. P. {Chandrakasan} and G. {Burra}},
  booktitle={2013 IEEE International Solid-State Circuits Conference Digest of Technical Papers}, 
  title={{A 120nW 18.5kHz RC Oscillator With Comparator Offset Cancellation for $\pm0.25\%$ Temperature Stability}}, 
  year={2013},
  volume={},
  number={},
  pages={184-185},
  doi={10.1109/ISSCC.2013.6487692}}